@article{belloni2013least,
	title={Least squares after model selection in high-dimensional sparse models},
	author={Belloni, Alexandre and Chernozhukov, Victor and others},
	journal={Bernoulli},
	volume={19},
	number={2},
	pages={521--547},
	year={2013},
	publisher={Bernoulli Society for Mathematical Statistics and Probability}
}

@article{tibshirani1996regression,
	title={Regression shrinkage and selection via the lasso},
	author={Tibshirani, Robert},
	journal={Journal of the Royal Statistical Society: Series B (Methodological)},
	volume={58},
	number={1},
	pages={267--288},
	year={1996},
	publisher={Wiley Online Library}
}